%EXAMPLES
@book{wirth1976algorithms,
  title={Algorithms + Data Structures=programs},
  author={Niklaus Wirth},
  year={1976},
  publisher={Prentice Hall}
}

@MISC{obt,
  author = {UiO and UniComputing},
  title = {The Oslo-Bergen Tagger},
  year = {2012},
  howpublished = "\url{http://www.tekstlab.uio.no/obt-ny/english/index.html}",
  note = {Accessed: 13/02/2012}
}
%End of examples

@MISC{asu2000,
	author = {ASU},
	title = {{Arizona State University: Mechanism for the Absorption of Light}},
	year = {2000},
	howpublished = "\url{https://www.asu.edu/courses/phs208/patternsbb/PiN/rdg/mechanism/}",
	note = {Accessed: 14/10/2015}
}

@book{Bentley,
	title={Principles of Measurement Systems},
	author={John P. Bentley},
	year={2005},
	publisher={Prentice Hall}
}

@article{dynamic-range,
	author={J. Halámek and I. Visčor and M. Kasal},
	title={Dynamic range and acquisition system},
	journal={MEASUREMENT SCIENCE REVIEW},
	volume={1},
	number={1},
	url={http://www.measurement.sk/PAPERS/Halamek1.pdf},
	year={2001}
}

@book{fractionation,
	title={Radiotherapy Dose-Fractionation},
	author={{Board of the Faculty of Clinical Radiology}},
	year={2006},
	publisher={Royal College of Radiologists, London}
}

@MISC{proton-ct,
author = {Tami Freeman},
title = {The potential of proton {CT}},
year = {2013},
howpublished = "\url{http://medicalphysicsweb.org/cws/article/research/53211}",
note = {Accessed: 15/10/2015}
}

@unpublished{hysing-uncertain,
	author = {Liv Bolstad Hysing},
	title = {Geometrical uncertainties in radiotherapy},
	year = {2015},
	note = {Powerpoint presentation from PHYS213 lecture October 2015 at \gls{uib}.}
}

@manual{IDE1180,
	title        = {IDE1180 Preliminary Datasheet},
	author       = {Gunnar Maehlum and Dirk Meier and Timo Stein}, 
	organization = {IDEAS},
	edition      = {V1R3},
	month        = {11},
	year         = {2015}
}

@MISC{jlab,
	author = {JLab},
	title = {{Jefferson Lab}: Radiation Worker Training: Effects of radiation on cells},
	year = {},
	howpublished = "\url{https://www.jlab.org/div_dept/train/rad_guide/effects.html}",
	note = {Accessed: 06/10/2015}
}

@book{Khan,
	title={Khan's The Physics of Radiation Therapy},
	author={Faiz M. Khan and John P. Gibbons},
	year={2014},
	publisher={Lippincott Williams and Wilkins}
}

@book{Knoll,
	title={Radiation Detection and Measurement},
	author={Glenn F. Knoll},
	year={2010},
	publisher={Wiley}
}

%@MISC{swiss,
%	author = {Stephanie Lang and Oliver Riesterer},
%	title = {Modern Techniques in Radiation Oncology},
%	year = {2013},
%	howpublished = "\url{http://www.sps.ch/en/articles/progresses/modern-techniques-in-radiation-oncology-36/}",
%	note = {Accessed: 09/10/2015}
%}

@MISC{nih,
author = {NIH},
title = {{National Institutes of Health: Radiation Therapy for Cancer}},
year = {2010},
howpublished = "\url{http://www.cancer.gov/about-cancer/treatment/types/radiation-therapy/radiation-fact-sheet}",
note = {Accessed: 09/10/2015}
}

@masterthesis{oltedal,
	title={{FPGA based readout of a silicon PIN detector}},
	author={Eino J. Oltedal},
	year={2015},
	school={University of Oslo}
}

@article{Paganetti-range,
	author={Harald Paganetti},
	title={Range uncertainties in proton therapy and the role of Monte Carlo simulations},
	journal={Physics in Medicine and Biology},
	volume={57},
	number={11},
	pages={R99},
	url={http://stacks.iop.org/0031-9155/57/i=11/a=R99},
	year={2012}
}


@MISC{pcure,
	author = {P-Cure},
	title = {{P-Cure Clinics}},
	year = {},
	howpublished = "\url{http://www.p-cure.com/index.aspx?id=4013}",
	note = {Accessed: 12/10/2015}
}

@book{Schroder,
	title={Semiconductor material and device characterization},
	author={Dieter K. Schroder},
	year={2005},
	publisher={Wiley}
}

@book{Serway,
	title={Physics for Scientists and Engineers with Modern Physics},
	author={Raymond A. Serway and John W. Jewett},
	year={2014},
	publisher={Cenage Learning}
}

@MISC{sintef3dmimic,
	author = {SINTEF},
	title = {{Si-3DMiMic - Silicon-based 3D Mini and Micro-dosimeters}},
	year = {2015},
	howpublished = "\url{https://www.sintef.no/en/projects/3dmimic/}",
	note = {Accessed: 24/09/2015}
}

@masterthesis{tali,
	title={{Portable Front-End Readout System for Radiation Detection}},
	author={Maris Tali},
	year={2015},
	school={University of Oslo}
}

%@book{Thorsteinsen,
%title={PHYS231},
%author={Tor F. Thorsteinsen},
%year={1995},
%publisher={University of Bergen},
%note={Compendium for the \gls{uib} course PHYS231 (Physics of Radiation).}
%}

@book{ToT,
	title={Electronics for Radiation Detection},
	author={Krzysztof Iniewski},
	year={2010},
	publisher={CRC Press}
}%https://books.google.no/books?id=DFDRBQAAQBAJ&pg=PA173&lpg=PA173&dq=time+over+threshold+energy+measurement&source=bl&ots=J7wJ9nACVW&sig=ra60jHHnJxCc7g3g1TV2RLwHjqU&hl=en&sa=X&ved=0CBsQ6AEwADgKahUKEwi-zcfjuZTJAhUKnnIKHSQ4BAI#v=onepage&q=time%20over%20threshold%20energy%20measurement&f=false

@MISC{uio2012,
	author = {Hilde Lynnebakken},
	title = {Jubler for partikkelterapi},
	year = {2012},
	howpublished = "\url{http://www.mn.uio.no/fysikk/forskning/aktuelt/aktuelle-saker/2012/jubler-for-partikkelterapi.html}",
	note = {Accessed: 24/09/2015}
}

@book{UniversityPhysics,
	title={University Physics with Modern Physics},
	author={Hugh D. Young and Roger A. Freedman and Lewis Ford},
	year={2007},
	publisher={Addison-Wesley}
}

@unpublished{ksyh-phys251,
	author = {Kristian Smeland Ytre-Hauge},
	title = {Radiation therapy with photons, protons and carbon ions},
	year = {2015},
	note = {Powerpoint presentation from PHYS251 lecture march 2015 at \gls{uib}.}
}
